<?xml version="1.0" encoding="UTF-8" ?>
<record Numero="16171151" format="InterXMarc_Complet" type="Authority">
<leader>00716c1 au22000272  45  <Pos Code="0004">00716</Pos>
<Pos Code="05" Sens="notice modifiée">c</Pos>
<Pos Code="06" Sens="notice validée en catalogage courant">1</Pos>
<Pos Code="08" Sens="notice d&apos;autorité">a</Pos>
<Pos Code="09" Sens="titre uniforme musical (TUM)">u</Pos>
<Pos Code="10">2</Pos>
<Pos Code="11">2</Pos>
<Pos Code="1216">00027</Pos>
<Pos Code="17" Sens="autres cas">2</Pos>
<Pos Code="20">4</Pos>
<Pos Code="21">5</Pos>
</leader>
<controlfield tag="001">FRBNF16171151X<Pos Code="0001">FR</Pos>
<Pos Code="0204">BNF</Pos>
<Pos Code="0512">16171151</Pos>
<Pos Code="13">X</Pos>
</controlfield>
<controlfield tag="008">100113100113yy    si        1726    ? 1728    ?              1   <Pos Code="0001">10</Pos>
<Pos Code="0203">01</Pos>
<Pos Code="0405">13</Pos>
<Pos Code="0607">10</Pos>
<Pos Code="0809">01</Pos>
<Pos Code="1011">13</Pos>
<Pos Code="1213" Sens="ne s&apos;applique pas">yy</Pos>
<Pos Code="1820">si </Pos>
<Pos Code="2831">1726</Pos>
<Pos Code="36" Sens="Date incertaine">?</Pos>
<Pos Code="3841">1728</Pos>
<Pos Code="46" Sens="Date incertaine">?</Pos>
<Pos Code="61" Sens="La vedette peut être liée à une notice bibliographique sauf pour l&apos;accès matière RAMEAU">1</Pos>
</controlfield>
<datafield tag="048" ind1=" " ind2=" ">
	<subfield code="b">sa01<Pos Code="0001" Sens="cordes frottées - violon">sa</Pos>
<Pos Code="02">0</Pos>
<Pos Code="03">1</Pos>
</subfield>
	<subfield code="a">og01<Pos Code="0001" Sens="orchestre - orchestre français XVIIe-XVIIIe s.">og</Pos>
<Pos Code="02">0</Pos>
<Pos Code="03">1</Pos>
</subfield>
</datafield>
<datafield tag="100" ind1=" " ind2=" ">
	<subfield code="3">14615308</subfield>
	<subfield code="w">.0..b.....</subfield>
	<subfield code="a">Fiorenza</subfield>
	<subfield code="m">Nicola</subfield>
	<subfield code="d">17..-1764</subfield>
</datafield>
<datafield tag="144" ind1="1" ind2=" ">
	<subfield code="w">....b.....</subfield>
	<subfield code="a">Sinfoniae</subfield>
	<subfield code="b">Violon, orchestre de chambre</subfield>
</datafield>
<datafield tag="444" ind1="1" ind2=" ">
	<subfield code="w">....b.....</subfield>
	<subfield code="a">Symphonies</subfield>
	<subfield code="b">Violon, orchestre de chambre</subfield>
</datafield>
<datafield tag="600" ind1=" " ind2=" ">
	<subfield code="a">Dates de composition : ca 1726-1728</subfield>
</datafield>
<datafield tag="600" ind1=" " ind2=" ">
	<subfield code="a">Comprend : Largo spiccato ; Presto ; Lergo ; [Moderato]</subfield>
</datafield>
<datafield tag="610" ind1=" " ind2=" ">
	<subfield code="a">Grove music online</subfield>
	<subfield code="u">http://www.oxfordmusiconline.com/</subfield>
	<subfield code="d">2010-01-13</subfield>
</datafield>
<datafield tag="610" ind1=" " ind2=" ">
	<subfield code="a">Cantate napoletane del&apos; 700 [Enregistrement sonore] /Giuseppe De Majo, Nicolas Ugolino, Leonardo Leo... [et al.], comp. ; Cappella de&apos;i Turchini, ens. voc. et instr. ; Antonio Florio, dir.. Eloquentia  EL 0919 
</subfield>
</datafield>
<Attr Nom="IDPerenne">ark:/12148/cb161711511</Attr>
<Attr Nom="Source" Sens="BnF catalogue général (depuis 1999)">A</Attr>
<Attr Nom="NumAutoriteLiee">14615308</Attr>
<Attr Nom="DateCreation">13/01/ 2010</Attr>
<Attr Nom="ResponsableCreation">BOUDOUX D HAUTEFEUILLE MARIE-EDITH</Attr>
<Attr Nom="StructCreation">71</Attr>
<Attr Nom="DateDerniereValidation">09/11/ 2010</Attr>
<Attr Nom="ResponsableDerniereValidation">MIGV4</Attr>
<Attr Nom="StructPremiereValidation">71</Attr>
<Attr Nom="DatePremiereValidation">13/01/ 2010</Attr>
<Attr Nom="ResponsablePremiereValidation">BOUDOUX D HAUTEFEUILLE MARIE-EDITH</Attr>
<Attr Nom="StructDerniereValidation">1</Attr>
</record>
